@article{algorithms,
    author = {Judea. Pearl},
    isbn = {0201055945},
    pages = {382},
    publisher = {Addison-Wesley Pub. Co},
    title = {Heuristics : intelligent search strategies for computer problem solving},
    year = {1984},
    journal = {Addison-Wesley Series in Artificial Intelligence}
 }
@book{algorithms_2,
  title={A modern approach},
  author={Norvig, P Russel and Intelligence, S Artificial},
  journal={Prentice Hall Upper Saddle River, NJ, USA: Rani, M., Nayak, R., \& Vyas, OP (2015). An ontology-based adaptive personalized e-learning system, assisted by software agents on cloud storage. Knowledge-Based Systems},
  volume={90},
  pages={33--48},
  year={2002},
  publisher={ Prentice Hall Upper Saddle River, NJ, USA: Pearson Education, Inc.}
}
@book{algorithms_3,
  title={A formal basis for the heuristic determination of minimum cost paths},
  author={Hart, Peter E and Nilsson, Nils J and Raphael, Bertram},
  journal={IEEE transactions on Systems Science and Cybernetics},
  volume={4},
  pages={100--107},
  year={1968},
  publisher={IEEE}
}
@book{algorithms_4,
  title={Principles of artificial intelligence},
  author={Nilsson, Nils J},
  year={1982},
  publisher={Springer Science \& Business Media}
}
@article{algorithms_5,
  title={Mejora de algoritmos de busqueda heuristica mediante poda por dominancia. Aplicacion a problemas de scheduling},
  author={Sierra Sanchez, Maria Rita and others},
  publisher = {Universidad de Oveido},
  year={2009},
  journal={Universidad de Oveido}
}